%---------------------------------BEGINNING-----OF-----REFERENCES----------------------------%
% | REFERENCE #01 |
% ----------------
@MISC{
    KNACK:1,
    
    TITLE = {Knack},
    
    HOWPUBLISHED = {"\url{https://www.knack.com/customers}"},
    
    AUTHOR = {Knack},
    
    MONTH = {},
    
    YEAR = {2018},
    
    NOTE = "Accessed on 2019-10-07",
    
    LANGUAGE = {English},
}
% ----------------
% | REFERENCE #02 |
% ----------------
@MISC{
    BARCODES_INC:2,
    
    TITLE = {Barcodes},
    
    HOWPUBLISHED = {"\url{https://www.barcodesinc.com/cats/id-card-software/}"},
    
    AUTHOR = {Barcodes, INC},
    
    MONTH = {},
    
    YEAR = {2019},
    
    NOTE = "Accessed on 2019-10-08",
    
    LANGUAGE = {English},
}
%----------------------------------END-----OF-----REFERENCES--------------------------------%